@book{conover2006practical,
  title={Practical Nonparametric Statistics},
  author={Conover, W.J. and Cram101 Textbook Reviews},
  isbn={9781428813588},
  series={Cram 101},
  url={http://books.google.de/books?id=ouvPSgAACAAJ},
  year={2006},
  publisher={Cram101 Incorporated}
}

@book{siegel1956nonparametric,
  title={Nonparametric Statistics for the Behavioral Sciences},
  author={SIEGEL, S.},
  series={McGraw-Hill Series in Psychology},
  url={http://books.google.de/books?id=s7sKMwEACAAJ},
  year={1956},
  publisher={McGraw-Hill Book Company}
}

@book{kendall1976advanced,
  title={The advanced theory of statistics},
  author={Kendall, M.G. and Stuart, A.},
  number={Bd. 3},
  isbn={9780852641415},
  lccn={58044388},
  series={The Advanced Theory of Statistics},
  url={http://books.google.de/books?id=FO9LAAAAMAAJ},
  year={1976},
  publisher={Griffin}
}

@book{jaeger1997statistik,
  title={Statistik mit Mathematica: Methoden und ihre Anwendungen},
  author={J{\"a}ger, A.H.},
  isbn={9783540611806},
  url={http://books.google.de/books?id=uuFtqm2BfTAC},
  year={1997},
  publisher={Springer}
}

@book{benker2001statistik,
  title={Statistik mit Mathcad und Mathlab: Einf{\"u}hrung in die Wahrscheinlichkeitsrechnung und mathematische Statistik f{\"u}r Ingenieure und Naturwissenschaftler},
  author={Benker, H.},
  isbn={9783540422778},
  url={http://books.google.de/books?id=RoF9VZsPkKYC},
  year={2001},
  publisher={Springer Verlag}
}

@book{hellbrueck2009angewandte,
  title={Angewandte Statistik mit R: Eine Einf{\"u}hrung f{\"u}r {\"O}konomen und Sozialwissenschaftler},
  author={Hellbr{\"u}ck, R.},
  isbn={9783834918574},
  url={http://books.google.de/books?id=DjEvfQR9UC8C},
  year={2009},
  publisher={Gabler, Betriebswirt.-Vlg}
}